<?xml version="1.0" encoding="UTF-8"?>
<collection xmlns:xsi="http://www.w3.org/2001/XMLSchema-instance" xsi:schemaLocation="http://www.loc.gov/MARC21/slim http://www.loc.gov/standards/marcxml/schema/MARC21slim.xsd" xmlns="http://www.loc.gov/MARC21/slim">
<record>
  <leader>00855cam a2200217   4500</leader>
  <controlfield tag="001">3062802</controlfield>
  <controlfield tag="003">NNC</controlfield>
  <controlfield tag="005">20130426014903.0</controlfield>
  <controlfield tag="008">990404q19311932ua            000 0 araod</controlfield>
  <datafield tag="035" ind1=" " ind2=" ">
    <subfield code="a">(OCoLC)ocm41099872</subfield>
  </datafield>
  <datafield tag="035" ind1=" " ind2=" ">
    <subfield code="9">ATN4525CU</subfield>
  </datafield>
  <datafield tag="035" ind1=" " ind2=" ">
    <subfield code="a">(NNC)3062802</subfield>
  </datafield>
  <datafield tag="040" ind1=" " ind2=" ">
    <subfield code="a">CGU</subfield>
    <subfield code="c">CGU</subfield>
    <subfield code="d">ZCU</subfield>
  </datafield>
  <datafield tag="099" ind1=" " ind2=" ">
    <subfield code="a">893.799</subfield>
    <subfield code="a">K5266</subfield>
  </datafield>
  <datafield tag="100" ind1="1" ind2=" ">
    <subfield code="a">Khallāf, ʻAbd al-Wahhāb,</subfield>
    <subfield code="d">-1956.</subfield>
  </datafield>
  <datafield tag="245" ind1="1" ind2="3">
    <subfield code="a">al-Siyāsah al-sharʻīyah, aw, Niẓām al-dawlah al-Islāmīyah fī al-shuʾūn al-dustūrīyah wa-al-khārijīyah wa-al-mālīyah /</subfield>
    <subfield code="c">bi-qalam ʻAbd al-Wahhāb Khallāf.</subfield>
  </datafield>
  <datafield tag="246" ind1="1" ind2=" ">
    <subfield code="a">Niẓām al-dawlah al-Islāmīyah fī al-shuʾūn al-dustūrīyah wa-al-khārijīyah wa-al-mālīyah</subfield>
  </datafield>
  <datafield tag="260" ind1=" " ind2=" ">
    <subfield code="a">al-Qāhirah :</subfield>
    <subfield code="b">al-Maṭbaʻah al-Salafīyah,</subfield>
    <subfield code="c">[1931/32]</subfield>
  </datafield>
  <datafield tag="300" ind1=" " ind2=" ">
    <subfield code="a">148 p.</subfield>
  </datafield>
  <datafield tag="650" ind1=" " ind2="0">
    <subfield code="a">Constitutional law (Islamic law)</subfield>
  </datafield>
  <datafield tag="955" ind1=" " ind2=" ">
    <subfield code="b">CU58843701</subfield>
    <subfield code="d">off,glx</subfield>
    <subfield code="e">893.799 K5266</subfield>
  </datafield>
</record>
</collection>